 @ARTICLE{artigo01,
   author = {Edilberto P. Teixeira and Gilson Laforga},
   title = {An   analysis   of  some    neuro-fuzzy approaches for the control of nonlinear
 	systems},
   journal = {Ci\^encia \& Engenharia},
   year = {1995},
   volume = {4},
   pages = {7-12},
   number = {1},
   month = {jan./jun.},
   owner = {483193},
   publisher = {Uberl\^andia},
   timestamp = {2012.11.12}
 }